@String{pami = {{IEEE} {T}ransactions on Pattern Analysis and Machine Intelligence}}
@String{itip = {{IEEE} {T}ransactions on Image Processing}}
@String{ijcv = {International Journal of Computer Vision}}
@String{prl = {Pattern Recognition Letters}}


@Book{Script,
  author = 	 {Paola Vega},
  title = 	 {Script del Curso: Elementos Activos},
  publisher = 	 {Escuela de Ingeniería Electrónica},
  year = 	 2008,
  edition =	 {1a}
}

@Book{ScriptComplemento,
  author = 	 {Juan José Montero-Rodríguez and Aníbal Ruiz-Barquero},
  title = 	 {Notas de clase: Elementos Activos},
  publisher = 	 {Escuela de Ingeniería Electrónica},
  year = 	 2020,
  edition =	 {1a}
}

@Book{Pedro,
  author = 	 {Julián Pedro},
  title = 	 {Dispositivos Semiconductores Principios y Modelos},
  publisher = 	 {Alfaomega},
  year = 	 2013,
  edition =	 {1a}
}
@Book{Pierret,
  author = 	 {Robert F. Pierret},
  title = 	 {Semiconductor Device Fundamentals},
  publisher = 	 {Addison Wesley},
  year = 	 2002,
  edition =	 {2nd}
}
@Book{Baker,
  author = 	 {R. Jacob Baker, Harry W. Li and David E. Boyce},
  title = 	 {CMOS Circuit Design, Layout, and Simulation},
  publisher = 	 {Prentice-Hall India},
  year = 	 2010,
  edition =	 {3ra}
}
@Book{Razavi,
  author = 	 {Behzad Razavi},
  title = 	 {Fundamentals of Microelectronics},
  publisher = 	 {Wiley},
  year = 	 2013,
  edition =	 {2nd}
}
@Book{Sedra,
  author = 	 {Adel S. Sedra and Kenneth C. Smith},
  title = 	 {Circuitos Microelectrónicos},
  publisher = 	 {Oxford University Press},
  year = 	 2014,
  edition =	 {7th}
}
@Book{Tsividis,
  author = 	 {Tsividis, Y. and McAndrew C.},
  title = 	 {Operation and Modeling of the MOS Transistor},
  publisher = 	 {Oxford University Press},
  year = 	 2011,
  edition =	 {3rd}
}
@Book{Weste,
  author = 	 {Neil H. E. Weste and David Money Harris},
  title = 	 {CMOS VLSI design. A circuits and systems perspective},
  publisher = 	 {Pearson},
  year = 	 2011,
  edition =	 {4th}
}
@Book{Albella,
  author = 	 {J. M. Albella, J. M. Martínez},
  title = 	 {Fundamentos de microelectrónica, nanoelectrónica y fotónica},
  publisher = 	 {Prentice Hall},
  year = 	 2005,
  edition =	 {1st}
}
@Book{Pierret1,
  author = 	 {R. F. Pierret},
  title = 	 {Fundamentos de semiconductores, Temas Selectos de Ingeniería},
  publisher = 	 {Addison-Wesley Iberoamericana},
  year = 	 1988,
  edition =	 {2nd}
}
@Book{Pierret2,
  author = 	 {R. F. Pierret},
  title = 	 {Dispositivos de efecto de campo, Temas Selectos de Ingeniería},
  publisher = 	 {Addison-Wesley Iberoamericana},
  year = 	 1988,
  edition =	 {2nd}
}
@Book{Neudeck1,
  author = 	 {G. W. Neudeck},
  title = 	 {El diodo PN de unión, Temas Selectos de Ingeniería},
  publisher = 	 {Addison-Wesley Iberoamericana},
  year = 	 1988,
  edition =	 {2nd}
}
@Book{Neudeck2,
  author = 	 {G. W. Neudeck},
  title = 	 {El transistor bipolar de unión, Temas Selectos de Ingeniería},
  publisher = 	 {Addison-Wesley Iberoamericana},
  year = 	 1988,
  edition =	 {2nd}
}